% Encoding: UTF-8
%------------------------------------------------
@article{paper:shannon1949communication,
  author = {Shannon, Claude Elwood},
  title = "{Communication in the Presence of Noise}",
  journal = {Proceedings of the IRE},
  volume = {37},
  number = {1},
  year = {1949},
  publisher = {IEEE},
  pages = {10-21},
}

@article{paper:butterworth1930theory,
  author = {Butterworth, Stephen and others},
  title = "{On the Theory of Filter Amplifiers}",
  journal = {Wireless Engineer},
  volume = {7},
  number = {6},
  year = {1930},
  pages = {536-541},
}

@book{book:kuchling2014physik,
  author = {Horst Kuchling},
  title = "{Taschenbuch der Physik}",
  edition = {21},
  year = {2014},
  publisher = {Carl Hanser Verlag},
  isbn = {9783446442184},
}

@book{book:black1953modulation,
  author = {Harold S. Black},
  title = "{Modulation Theory}",
  subtitle = {Chapter 3: What is Modularity?},
  year = {1953},
  publisher = {Van Nostrand},
  isbn = {9780442007904},
}

@book{book:baldwin2000design,
  author = {Carliss Y. Baldwin and Kim B. Clark},
  title = "{Design Rules, Vol. 1: The Power of Modularity}",
  year = {2000},
  edition = {4},
  publisher = {MIT Press},
  isbn = {9780262024662},
  pages = {63-92},
}

@book{book:atkinson1989numerical,
  author = {Kendall E. Atkinson},
  title = "{An Introduction to Numerical Analysis}",
  edition = {2},
  year = {1989},
  publisher = {John Wiley and Sons Ltd},
  isbn = {9780471500230},
  pages = {251-269},
}

@book{book:tuzlukov2002noise,
  author = {Vyacheslav P. Tuzlukov},
  title = "{Signal Processing Noise}",
  edition = {1},
  year = {2002},
  publisher = {CRC Press},
  isbn = {9780849310256},
}

@book{book:wilmshurst1990noise,
  author = {T. H. Wilmshurst},
  title = "{Signal Recovery from Noise in Electronic Instrumentation}",
  edition = {2},
  year = {1990},
  publisher = {Taylor & Francis},
  isbn = {9780750300582},
}

@book{book:pharr2010physically,
  author = {Pharr, Matt and Humphreys, Greg},
  title = "{Physically Based Rendering: From Theory to Implementation}",
  edition = {2},
  year = {2010},
  publisher = {Morgan Kaufmann},
  isbn = {9780123750792},
  pages = {323-332},
}

@article{lib:scipy,
  author = {{Virtanen}, Pauli and {Gommers}, Ralf and {Oliphant}, Travis E. and
            {Haberland}, Matt and {Reddy}, Tyler and {Cournapeau}, David and {
            Burovski}, Evgeni and {Peterson}, Pearu and {Weckesser}, Warren and {
            Bright}, Jonathan and {van der Walt}, St{\'e}fan J. and {Brett},
            Matthew and {Wilson}, Joshua and {Jarrod Millman}, K. and {Mayorov},
            Nikolay and {Nelson}, Andrew R.~J. and {Jones}, Eric and {Kern},
            Robert and {Larson}, Eric and {Carey}, CJ and {Polat}, {\.I}lhan and
            {Feng}, Yu and {Moore}, Eric W. and {Vand erPlas}, Jake and {Laxalde}
            , Denis and {Perktold}, Josef and {Cimrman}, Robert and {Henriksen},
            Ian and {Quintero}, E.~A. and {Harris}, Charles R and {Archibald},
            Anne M. and {Ribeiro}, Ant{\^o}nio H. and {Pedregosa}, Fabian and {
            van Mulbregt}, Paul and {Contributors}, SciPy 1. 0},
  title = "{SciPy 1.0--Fundamental Algorithms for Scientific Computing in Python
           }",
  journal = {arXiv e-prints},
  year = {2019},
  month = {7},
  eid = {arXiv:1907.10121},
  pages = {arXiv:1907.10121},
  archivePrefix = {arXiv},
  eprint = {1907.10121},
  primaryClass = {cs.MS},
  adsurl = {https://ui.adsabs.harvard.edu/abs/2019arXiv190710121V},
  adsnote = {Provided by the SAO/NASA Astrophysics Data System},
}

@book{lib:numpy,
  author = {Oliphant, Travis E},
  title = "{A guide to NumPy}",
  year = {2006},
  publisher = {Trelgol Publishing USA},
}

@online{online:sma,
  author = {Mathuranathan Viswanathan},
  title = "{Moving Average Filter in Python and Matlab}",
  date = {2010-11-23},
  url = {
         https://www.gaussianwaves.com/2010/11/moving-average-filter-ma-filter-2/
         },
  urldate = {2020-03-06},
}

@online{online:freertos,
  author = "{Amazon Web Services, Inc}",
  title = "{The FreeRTOS\texttrademark Kernel}",
  url = {https://www.freertos.org/RTOS.html},
  urldate = {2020-02-28},
}

@manual{scipy:1.4.1,
  author = "{SciPy community}",
  title = "{SciPy Reference Guide, Release 1.4.1}",
  date = {2019-12-19},
}

@manual{numpy:1.18.1,
  author = "{NumPy community}",
  title = "{NumPy Reference, Release 1.18.1}",
  date = {2019-12-19},
}

@manual{logomatic:ds-sparkfunv2,
  author = "{SparkFun Electronics}",
  title = "{Logomatic v2 Datasheet}",
  year = {2009},
  month = {1},
}

@manual{stm32l4:rm0394,
  author = "{STMicroelectronics}",
  title = "{RM0394 Rev 4, Reference Manual for STM32L4}",
  year = {2018},
  month = {10},
  version = {4},
}

@manual{stm32l4:ds11449,
  author = "{STMicroelectronics}",
  title = "{DS11449 Rev 5, Datasheet for STM32L433xx}",
  year = {2018},
  month = {5},
  version = {5},
}

@manual{stm32l4:an2834,
  author = "{STMicroelectronics}",
  title = "{AN2834, Application Note}",
  subtitle = "{How to get the best ADC accuracy in STM32 microcontrollers}",
  year = {2017},
  month = {2},
  version = {3},
}

@manual{stm32l4:an4629,
  author = "{STMicroelectronics}",
  title = "{AN4629, Application Note}",
  subtitle = "{ADC hardware oversampling for microcontrollers of the STM32 L0
              and L4 series}",
  year = {2015},
  month = {6},
  version = {1},
}

@manual{stm32l4:es0318,
  author = "{STMicroelectronics}",
  title = "{ES0318 Rev 5, STM32L4 device errata}",
  year = {2019},
  month = {7},
  version = {5},
}

@manual{stm32l4:um2206,
  author = "{STMicroelectronics}",
  title = "{UM2206 Rev 3, User manual for STM32 Nucleo-64-P boards}",
  year = {2018},
  month = {8},
  version = {3},
}

@manual{maxim:an1080,
  author = "{Maxim Integrated}",
  title = "{AN1080}",
  subtitle = "{Understanding SAR ADCs: Their Architecture and Comparison with
              Other ADCs}",
  year = {2001},
  month = {10},
}

%------------------------------------------------
